<record><leader>00000cas a22000007a 4500</leader><controlfield tag="001">16722379</controlfield><controlfield tag="008">870921d19791982txuwr ne      0    0eng d</controlfield><datafield ind1=" " ind2=" " tag="010"><subfield code="a">sn 87090805 </subfield></datafield><datafield ind1=" " ind2=" " tag="040"><subfield code="a">PPM</subfield><subfield code="b">eng</subfield><subfield code="c">PPM</subfield><subfield code="d">OCLCQ</subfield></datafield><datafield ind1=" " ind2=" " tag="042"><subfield code="a">msc</subfield></datafield><datafield ind1="0" ind2="0" tag="245"><subfield code="a">Granbury's weekly village.</subfield></datafield><datafield ind1=" " ind2=" " tag="260"><subfield code="a">Granbury, Tex. :</subfield><subfield code="b">Burl McClellan</subfield></datafield><datafield ind1=" " ind2=" " tag="310"><subfield code="a">Weekly</subfield></datafield><datafield ind1="0" ind2=" " tag="362"><subfield code="a">Vol. 6, no. 47 (Feb. 8, 1979)-v. 10, no. 24 (Aug. 26, 1982).</subfield></datafield><datafield ind1=" " ind2=" " tag="752"><subfield code="a">United States</subfield><subfield code="b">Texas</subfield><subfield code="c">Hood</subfield><subfield code="d">Granbury.</subfield></datafield><datafield ind1="0" ind2="0" tag="780"><subfield code="t">Village weekly</subfield><subfield code="w">(DLC)sn 87090902</subfield></datafield><datafield ind1="0" ind2="0" tag="785"><subfield code="t">Granbury tablet</subfield><subfield code="w">(DLC)sn 83008738</subfield></datafield></record>